<?xml version="1.0" encoding="UTF-8"?><collection xmlns="http://www.loc.gov/MARC21/slim"><record><leader>00485nam--2200145-i-4500</leader><controlfield tag="001">000014657</controlfield><controlfield tag="002">20161230</controlfield><controlfield tag="005">20161230201030</controlfield><controlfield tag="008">060222s1000------------r-----000-0-eng-d</controlfield><datafield ind1=" " ind2=" " tag="080"><subfield code="a">539.171.02(047.3)</subfield></datafield><datafield ind1=" " ind2=" " tag="100"><subfield code="a">Adib, M., A.Abdel-kawy, R.M.A.Maayouf /S.A.</subfield></datafield><datafield ind1=" " ind2=" " tag="245"><subfield code="a">The total neutron cross-section of nb at different temperatures for neutrons with energies below 1 ev</subfield></datafield><datafield ind1=" " ind2=" " tag="260"><subfield code="a">Vienna, International Nuclear Data Committee, 1981 5 P. + 3 Figuri</subfield></datafield><datafield ind1=" " ind2=" " tag="490"><subfield code="a">2l</subfield></datafield><datafield ind1=" " ind2=" " tag="852"><subfield code="a">59484</subfield></datafield></record></collection>